<?xml version="1.0" encoding="UTF-8"?><collection xmlns="http://www.loc.gov/MARC21/slim"><record><leader>00663nam--2200193-u-4500</leader><controlfield tag="001">000051999</controlfield><controlfield tag="002">20161230</controlfield><controlfield tag="005">20161230201049</controlfield><controlfield tag="008">090526s1000------------r-----000-0-eng-d</controlfield><datafield ind1=" " ind2=" " tag="040"><subfield code="a">IFIN-HH</subfield></datafield><datafield ind1=" " ind2=" " tag="080"><subfield code="a">539</subfield></datafield><datafield ind1="1" ind2=" " tag="100"><subfield code="a">Paunoiu, Constantin</subfield></datafield><datafield ind1="1" ind2="0" tag="245"><subfield code="a">Studii bazate pe metoada K0 de activare cu neutroni plicata la reactorul Triga-Pitesti</subfield><subfield code="c">Constantin Paunoiu</subfield></datafield><datafield ind1=" " ind2=" " tag="260"><subfield code="a">Bucuresti</subfield><subfield code="b">Universitatea Bucuresti, Facultatea de Fizica, Institutul de Fizica Atomica</subfield></datafield><datafield ind1=" " ind2=" " tag="300"><subfield code="a">164 + anexe</subfield></datafield><datafield ind1=" " ind2=" " tag="502"><subfield code="a">Teza de doctorat. Conducator Stiintific: CS I Dr. Emilian Dragulescu</subfield></datafield><datafield ind1=" " ind2="4" tag="650"><subfield code="a">reactor</subfield><subfield code="v">teze</subfield></datafield><datafield ind1=" " ind2=" " tag="852"><subfield code="a">82269</subfield><subfield code="c">539</subfield></datafield><datafield ind1=" " ind2=" " tag="CAT"><subfield code="a">Sys</subfield><subfield code="c">20110106</subfield><subfield code="h">094000</subfield></datafield></record></collection>